@article{boyd,
 author = {Boyd, Stephen and Parikh, Neal and Chu, Eric and Peleato, Borja and Eckstein, Jonathan},
 title = {Distributed Optimization and Statistical Learning via the Alternating Direction Method of Multipliers},
 journal = {Found. Trends Mach. Learn.},
 issue_date = {January 2011},
 volume = {3},
 number = {1},
 month = jan,
 year = {2011},
 issn = {1935-8237},
 pages = {1--122},
 numpages = {122},
 publisher = {Now Publishers Inc.},
 address = {Hanover, MA, USA},
} 

@article{bu2010,
 author = {Bu, Yingyi and Howe, Bill and Balazinska, Magdalena and Ernst, Michael D.},
 title = {HaLoop: efficient iterative data processing on large clusters},
 journal = {Proc. VLDB Endow.},
 issue_date = {September 2010},
 volume = {3},
 number = {1-2},
 month = sep,
 year = {2010},
 pages = {285--296},
 numpages = {12},
 publisher = {VLDB Endowment},
} 
@inproceedings{dean2004,
 author = {Dean, Jeffrey and Ghemawat, Sanjay},
 title = {MapReduce: simplified data processing on large clusters},
 booktitle = {Proceedings of the 6th conference on Symposium on Opearting Systems Design \& Implementation - Volume 6},
 series = {OSDI'04},
 year = {2004},
 location = {San Francisco, CA},
 pages = {10--10},
 numpages = {1},
 publisher = {USENIX Association},
 address = {Berkeley, CA, USA},
} 

@book{white2009,
 author = {White, Tom},
 title = {Hadoop: The Definitive Guide},
 year = {2009},
 isbn = {0596521979, 9780596521974},
 edition = {1st},
 publisher = {O'Reilly Media, Inc.},
} 

@book{bonnans2003numerical,
  title={Numerical optimization: theoretical and practical aspects},
  author={Bonnans, J.F.},
  isbn={9783540001911},
  lccn={2002042915},
  series={Universitext (1979)},
  year={2003},
  publisher={Springer-Verlag New York Incorporated}
}

@inproceedings{planet,
title = {PLANET: Massively Parallel Learning of Tree Ensembles with MapReduce},
author  = {Biswanath Panda and Joshua S. Herbach and Sugato Basu and Roberto J. Bayardo},
year  = 2009,
booktitle = {Proceedings of the 35th International Conference on Very Large Data Bases (VLDB-2009)}
}

@article{lin2012,
  author    = {Jimmy Lin},
  title     = {MapReduce is Good Enough? If All You Have is a Hammer, Throw
               Away Everything That's Not a Nail!},
  journal   = {CoRR},
  volume    = {abs/1209.2191},
  year      = {2012},
}

@article{agarwal2011,
  author    = {Alekh Agarwal and
               Olivier Chapelle and
               Miroslav Dud\'{\i}k and
               John Langford},
  title     = {A Reliable Effective Terascale Linear Learning System},
  journal   = {CoRR},
  volume    = {abs/1110.4198},
  year      = {2011},
  ee        = {http://arxiv.org/abs/1110.4198},
  bibsource = {DBLP, http://dblp.uni-trier.de}
}

@article{linkolcz2012,
 author  = {Jimmy Lin and
 		Alek Kolcz},
 title	     = {Large-Scale Machine Learning at Twitter},
 journal  = {SIGMOD},
 year     = {2012}
 }